<record><leader>00000cas a2200000 a 4500</leader><controlfield tag="001">12258428</controlfield><controlfield tag="008">850712d18881890ksuwr ne      0    0eng d</controlfield><datafield ind1=" " ind2=" " tag="010"><subfield code="a">sn 85029427 </subfield></datafield><datafield ind1=" " ind2=" " tag="040"><subfield code="a">KSH</subfield><subfield code="b">eng</subfield><subfield code="c">KSH</subfield><subfield code="d">NPT</subfield><subfield code="d">OCL</subfield><subfield code="d">OCLCQ</subfield></datafield><datafield ind1=" " ind2=" " tag="042"><subfield code="a">msc</subfield></datafield><datafield ind1="0" ind2="4" tag="245"><subfield code="a">The Downs globe.</subfield></datafield><datafield ind1=" " ind2=" " tag="260"><subfield code="a">Downs, Kan. :</subfield><subfield code="b">Hoyt &amp; Baker,</subfield><subfield code="c">1888-</subfield></datafield><datafield ind1=" " ind2=" " tag="300"><subfield code="a">v. :</subfield><subfield code="b">ill. ;</subfield><subfield code="c">50 cm.</subfield></datafield><datafield ind1=" " ind2=" " tag="310"><subfield code="a">Weekly</subfield></datafield><datafield ind1="0" ind2=" " tag="362"><subfield code="a">Vol. 1, no. 1 (July 28, 1888)-</subfield></datafield><datafield ind1="1" ind2=" " tag="362"><subfield code="a">Ceased in 1890.</subfield></datafield><datafield ind1=" " ind2=" " tag="500"><subfield code="a">Published by: Baker &amp; Bower, Oct. 13, 1888-Aug. 3, 1889; Ben T. Baker, Aug. 10, 1889-Mar. 1, 1890; M.H. Hoyt, Mar. 8, 1890-</subfield></datafield><datafield ind1=" " ind2=" " tag="500"><subfield code="a">Republican.</subfield></datafield><datafield ind1=" " ind2=" " tag="752"><subfield code="a">United States</subfield><subfield code="b">Kansas</subfield><subfield code="c">Osborne</subfield><subfield code="d">Downs.</subfield></datafield><datafield ind1="0" ind2="0" tag="780"><subfield code="t">Stockton eagle</subfield><subfield code="w">(DLC)sn 85029587</subfield></datafield><datafield ind1="0" ind2="0" tag="785"><subfield code="t">Globe (Portis, Kan.)</subfield><subfield code="w">(DLC)sn 85029428</subfield></datafield></record>